@article{atherton2023readability,
  title={Readability of online health information pertaining to migraine and headache in the UK},
  author={Atherton, Kate and Forshaw, Mark J and Kidd, Tara M},
  journal={British Journal of Pain},
  volume={17},
  number={2},
  pages={117--125},
  year={2023},
  publisher={},
  url={https://doi.org/10.1177/20494637221134461},
  pmid={37057254},
  pmcid={PMC10088424},
  issn={2049-4637},
  month=apr,
}

